<record><leader>00000cas a22000007a 4500</leader><controlfield tag="001">17844063</controlfield><controlfield tag="008">880423c19809999iaucr ne      0    0eng d</controlfield><datafield ind1=" " ind2=" " tag="010"><subfield code="a">sn 88059405 </subfield></datafield><datafield ind1=" " ind2=" " tag="040"><subfield code="a">INP</subfield><subfield code="b">eng</subfield><subfield code="c">INP</subfield><subfield code="d">NST</subfield><subfield code="d">OCLCQ</subfield></datafield><datafield ind1=" " ind2=" " tag="012"><subfield code="i">9009</subfield></datafield><datafield ind1=" " ind2=" " tag="042"><subfield code="a">msc</subfield></datafield><datafield ind1="0" ind2="0" tag="245"><subfield code="a">Maquoketa sentinel-press.</subfield></datafield><datafield ind1="3" ind2="0" tag="246"><subfield code="a">Maquoketa sentinel-press weekender</subfield></datafield><datafield ind1=" " ind2=" " tag="260"><subfield code="a">Maquoketa, Iowa :</subfield><subfield code="b">Maquoketa Newspapers, Inc.,</subfield><subfield code="c">1980-</subfield></datafield><datafield ind1=" " ind2=" " tag="300"><subfield code="a">v.</subfield></datafield><datafield ind1=" " ind2=" " tag="310"><subfield code="a">Semiweekly</subfield></datafield><datafield ind1="0" ind2=" " tag="362"><subfield code="a">[Vol. 126, no. 31] (Jan. 2, 1980)-</subfield></datafield><datafield ind1=" " ind2=" " tag="500"><subfield code="a">Saturday issues for 1980-&lt;Oct. 16, 1982&gt; called: Maquoketa sentinel-press weekender.</subfield></datafield><datafield ind1=" " ind2=" " tag="500"><subfield code="a">Publisher varies.</subfield></datafield><datafield ind1=" " ind2=" " tag="515"><subfield code="a">Issues for Jan. 2, 1980- called v. 122, no. 31- but constitute v. 126, no. 31-</subfield></datafield><datafield ind1=" " ind2=" " tag="515"><subfield code="a">Saturday issue numbered separately from week's earlier issue, Jan. 5, 1980-, as v. 48, no. 32- ; Saturday issue numbered consecutively with week's earlier issue, &lt;June 13, 1981&gt;-, as &lt;v. 128, no. 4&gt;-</subfield></datafield><datafield ind1=" " ind2=" " tag="752"><subfield code="a">United States</subfield><subfield code="b">Iowa</subfield><subfield code="c">Jackson</subfield><subfield code="d">Maquoketa.</subfield></datafield><datafield ind1="0" ind2="4" tag="780"><subfield code="t">Jackson sentinel (Maquoketa, Iowa : 1976)</subfield><subfield code="w">(DLC)sn 88059741</subfield></datafield><datafield ind1="0" ind2="4" tag="780"><subfield code="t">Maquoketa community press</subfield><subfield code="w">(DLC)sn 87058112</subfield></datafield><datafield ind1=" " ind2=" " tag="850"><subfield code="a">IaAS</subfield></datafield></record>